@inproceedings{Minarno2020,
   author = {Agus Eko Minarno and Angga Robbi Agisna and Wahyu Andhyka Kusuma and Wildan Suharso and Hardianto Wibowo},
   doi = {10.1109/ICoIAS49312.2020.9081835},
   isbn = {978-1-7281-6078-8},
   journal = {2020 3rd International Conference on Intelligent Autonomous Systems (ICoIAS)},
   month = {2},
   pages = {93-98},
   title = {Optimizing Game Performance with Dynamic Level of Detail Mesh Terrain Based on CPU Usage},
   url = {https://ieeexplore.ieee.org/document/9081835/},
   year = {2020},
}

@book{Malik2000,
   author = {Shahzad Malik},
   pages = {7-17},
   title = {Dynamic Level of Detail Representation of Interactive 3D Worlds},
   url = {https://www.drmalik.ca/downloads/paper_495.pdf},
   year = {2000},
}

@inproceedings{Mitra2003,
   author = {Niloy J. Mitra and An Nguyen},
   doi = {10.1145/777792.777840},
   isbn = {1581136633},
   journal = {Proceedings of the nineteenth conference on Computational geometry  - SCG '03},
   pages = {322},
   title = {Estimating surface normals in noisy point cloud data},
   url = {http://portal.acm.org/citation.cfm?doid=777792.777840},
   year = {2003},
}

@patent{Evans2013,
   author = {Patrick Wayne John Evans},
   month = {1},
   note = {US Patent App. 13/742,354},
   publisher = {United States Patent and Trademark Office},
   title = {Continuous and dynamic level of detail for efficient point cloud object rendering},
   url = {https://patents.google.com/patent/US20140198097A1},
   year = {2013},
}

@inproceedings{Callahan2005,
   author = {S.P. Callahan and J.L.D. Comba and P. Shirley and C.T. Silva},
   doi = {10.1109/VISUAL.2005.1532796},
   isbn = {0-7803-9462-3},
   journal = {VIS 05. IEEE Visualization, 2005.},
   pages = {199-206},
   title = {Interactive Rendering of Large Unstructured Grids Using Dynamic Level-of-Detail},
   url = {http://ieeexplore.ieee.org/document/1532796/},
   year = {2005},
}

@inproceedings{Schmid2010,
   author = {Matthias R. Schmid and Mirko Maehlisch and Juergen Dickmann and Hans-Joachim Wuensche},
   doi = {10.1109/IVS.2010.5548088},
   isbn = {978-1-4244-7866-8},
   journal = {2010 IEEE Intelligent Vehicles Symposium},
   month = {6},
   pages = {269-274},
   title = {Dynamic level of detail 3D occupancy grids for automotive use},
   url = {http://ieeexplore.ieee.org/document/5548088/},
   year = {2010},
}
